<?xml version="1.0" encoding="UTF-8" ?>
<collection xmlns:xsi="http://www.w3.org/2001/XMLSchema-instance"
    xsi:schemaLocation="http://www.loc.gov/MARC21/slim
        http://www.loc.gov/standards/marcxml/schema/MARC21slim.xsd"
    xmlns="http://www.loc.gov/MARC21/slim">
<record>
  <leader>00242cam a2200457 ia4500</leader>
  <controlfield tag="001">b12929918</controlfield>
  <controlfield tag="003">LeBAU</controlfield>
  <controlfield tag="005">20180912</controlfield>
  <controlfield tag="008">990802s1928    ua            ||0 0 ara d</controlfield>
  <datafield tag="035" ind1=" " ind2=" ">
    <subfield code="a">ocn784528749</subfield>
  </datafield>
  <datafield tag="040" ind1=" " ind2=" ">
    <subfield code="a">LEAUB</subfield>
    <subfield code="b">ara</subfield>
    <subfield code="e">rda</subfield>
    <subfield code="c">LEAUB</subfield>
    <subfield code="d">LEAUB</subfield>
  </datafield>
  <datafield tag="082" ind1="0" ind2="4">
    <subfield code="a">297.2084</subfield>
    <subfield code="2">20</subfield>
  </datafield>
  <datafield tag="100" ind1="1" ind2=" ">
    <subfield code="6">880-01</subfield>
    <subfield code="a">ʻUkbarī, ʻAbd Allāh ibn al-Ḥusayn,</subfield>
    <subfield code="d">1143 or 1144-1219,</subfield>
    <subfield code="e">author.</subfield>
  </datafield>
  <datafield tag="245" ind1="1" ind2="0">
    <subfield code="6">880-02</subfield>
    <subfield code="a">Imlāʼ mā manna bihi al-Raḥmān min wujūh al-iʻrāb wa-al-qirāʼāt fī jamīʻ al-Qurʼān /</subfield>
    <subfield code="c">ta’līf al-imām al-shahīr wa-al-ʻallāmah al-naḥrīr Muḥibb al-Dīn Abī al-Baqāʼ ʻAbd Allāh ibn al-Ḥusayn ibn ʻAbd Allāh al-ʻUkbarī. Wa-bi-hāmishihi Unmūdhaj jalīl fī bayān asʼilah wa-ajwibah min gharāʼib āyy al-tanzīl wa-hiya tanūf kamā qāla mu’allifuhā ʻalá alf wa-mi’atay sū’āl mansūjah ʻalá aḥkam minwāl min biḥār ʻulūm malik ʻulamā’ al-tafsīr wa-imām arbāb al-taḥqīq wa-al-taḥrīr zayn al-millah wa-al-dīn wa-ḥujjat al-Islām wa-al-Muslīmīn al-ʻallāmah Muḥammad ibn Abī Bakr ibn ʻAbd al-Qādir al-Rāzī.</subfield>
  </datafield>
  <datafield tag="264" ind1=" " ind2="1">
    <subfield code="6">880-03</subfield>
    <subfield code="a">Miṣr :</subfield>
    <subfield code="b">Maṭbaʻat al-Taqaddum al-ʻIlmīyah,</subfield>
    <subfield code="c">1347 H., [1928? M.]</subfield>
  </datafield>
  <datafield tag="300" ind1=" " ind2=" ">
    <subfield code="6">880-04</subfield>
    <subfield code="a">1 volume (162, 168, 2, 2 pages) ;</subfield>
    <subfield code="c">28 cm</subfield>
  </datafield>
  <datafield tag="336" ind1=" " ind2=" ">
    <subfield code="a">text</subfield>
    <subfield code="b">txt</subfield>
    <subfield code="2">rdacontent</subfield>
  </datafield>
  <datafield tag="337" ind1=" " ind2=" ">
    <subfield code="a">unmediated</subfield>
    <subfield code="b">n</subfield>
    <subfield code="2">rdamedia</subfield>
  </datafield>
  <datafield tag="338" ind1=" " ind2=" ">
    <subfield code="a">volume</subfield>
    <subfield code="b">nc</subfield>
    <subfield code="2">rdacarrier</subfield>
  </datafield>
  <datafield tag="500" ind1=" " ind2=" ">
    <subfield code="a">2 جزء ببليوغرافي في 1 جزء مادي.</subfield>
  </datafield>
  <datafield tag="630" ind1="0" ind2="4">
    <subfield code="a">قرآن</subfield>
    <subfield code="x">الاسلوب اللغوي</subfield>
    <subfield code="v">اعمال قديمة حتى 1800.</subfield>
  </datafield>
  <datafield tag="630" ind1="0" ind2="4">
    <subfield code="a">قرآن</subfield>
    <subfield code="x">قراءة</subfield>
    <subfield code="v">اعمال قديمة حتى 1800.</subfield>
  </datafield>
  <datafield tag="630" ind1="0" ind2="0">
    <subfield code="a">Qurʼan</subfield>
    <subfield code="x">Language, style</subfield>
    <subfield code="v">Early works to 1800.</subfield>
  </datafield>
  <datafield tag="630" ind1="0" ind2="0">
    <subfield code="a">Qurʼan</subfield>
    <subfield code="x">Readings</subfield>
    <subfield code="v">Early works to 1800.</subfield>
  </datafield>
  <datafield tag="650" ind1=" " ind2="4">
    <subfield code="a">اللغة العربية</subfield>
    <subfield code="x">التصريف.</subfield>
  </datafield>
  <datafield tag="650" ind1=" " ind2="0">
    <subfield code="a">Arabic language</subfield>
    <subfield code="x">Inflection.</subfield>
  </datafield>
  <datafield tag="700" ind1="1" ind2="2">
    <subfield code="6">880-05</subfield>
    <subfield code="a">Rāzī, Muḥammad ibn Abī Bakr,</subfield>
    <subfield code="d">active 1261.</subfield>
    <subfield code="t">Unmūdhaj jalīl fī bayān asʼilah wa-ajwibah min gharāʼib āyy al-tanzīl.</subfield>
  </datafield>
  <datafield tag="775" ind1="0" ind2="8">
    <subfield code="6">880-06</subfield>
    <subfield code="i">has designation of edition</subfield>
    <subfield code="4">http://rdaregistry.info/Elements/m/P30133 :</subfield>
    <subfield code="t">Imlāʼ mā manna bihi al-Raḥmān min wujūh al-iʻrāb wa-al-qarāʼāt fī jamīʻ al-Qurʼān.</subfield>
    <subfield code="d">Miṣr : al-Maṭbaʻah al-Maymanīyah, 1306 H., [1888? M.]</subfield>
    <subfield code="w">(OCoLC)784291264</subfield>
    <subfield code="w">(OCoLC)784291264</subfield>
  </datafield>
  <datafield tag="775" ind1="0" ind2="8">
    <subfield code="6">880-07</subfield>
    <subfield code="i">has designation of edition</subfield>
    <subfield code="4">http://rdaregistry.info/Elements/m/P30133 :</subfield>
    <subfield code="t">Imlāʼ mā manna bihi al-Raḥmān min wujūh al-iʻrāb wa-al-qarāʼāt fī jamīʻ al-Qurʼān.</subfield>
    <subfield code="d">Miṣr : al-Maṭbaʻah al-Maymanīyah, 1321 H., [1903? M.]</subfield>
    <subfield code="w">b21076017</subfield>
  </datafield>
  <datafield tag="852" ind1=" " ind2=" ">
    <subfield code="a">Jafet Library</subfield>
    <subfield code="e">American University of Beirut, Bliss Street , Beirut, Lebanon.</subfield>
  </datafield>
  <datafield tag="880" ind1="1" ind2=" ">
    <subfield code="6">100-01/(3/r</subfield>
    <subfield code="a">العكبري، عبد الله بن الحسين،</subfield>
    <subfield code="d">1143 او 1144-1219،</subfield>
    <subfield code="e">مؤلف. </subfield>
    <subfield code="4">aut.</subfield>
  </datafield>
  <datafield tag="880" ind1="1" ind2="0">
    <subfield code="6">245-02/(3/r</subfield>
    <subfield code="a">إملاء ما من به الرحمن من وجوه الإعراب والقراآت في جميع القرآن /</subfield>
    <subfield code="c">تأليف الإمام الشهير والعلامة النحرير محب الدين أبي البقاء عبد الله إبن الحسين بن عبد الله العكبرى. وبهامشه أنموذج جليل في بيان أسئلة وأجوبة من غرائب آي التنزيل وهي تنوف كما قال مؤلفها على ألف ومائتى سؤال منسوجة على أحكم منوال من بحار علوم ملك علماء التفسير وإمام أرباب التحقيق والتحرير زين الملة والدين وحجة الإسلام والمسلمين العلامة محمد بن أبي بكر بن عبد القادر الرازي.</subfield>
  </datafield>
  <datafield tag="880" ind1=" " ind2="1">
    <subfield code="6">264-03/(3/r</subfield>
    <subfield code="a">مصر :</subfield>
    <subfield code="b">مطبعة التقدم العلمية،</subfield>
    <subfield code="c">1347 هـ.، [1928؟ م.]</subfield>
  </datafield>
  <datafield tag="880" ind1=" " ind2=" ">
    <subfield code="6">300-04/(3/r</subfield>
    <subfield code="a">1 جزء (162، 168، 2، 2 صفحة)</subfield>
    <subfield code="c">28 سم</subfield>
  </datafield>
  <datafield tag="880" ind1="1" ind2="2">
    <subfield code="6">700-05/(3/r</subfield>
    <subfield code="a">الرازي، محمد بن أبي بكر،</subfield>
    <subfield code="d">اشتهر في العام 1261.</subfield>
    <subfield code="t">أنموذج جليل في بيان أسئلة وأجوبة من غرائب آي التنزيل.</subfield>
  </datafield>
  <datafield tag="880" ind1="0" ind2="8">
    <subfield code="6">775-06/(3/r</subfield>
    <subfield code="i">دلالة على الطبعة</subfield>
    <subfield code="4">http://rdaregistry.info/Elements/m/P30133 :</subfield>
    <subfield code="t">إملاء ما من به الرحمن من وجوه الإعراب والقراآت في جميع القرآن.</subfield>
    <subfield code="d">مصر : المطبعة الميمنية، 1306 هـ.، [1888؟ م.]</subfield>
    <subfield code="w">b12380155</subfield>
    <subfield code="w">(OCoLC)784291264</subfield>
  </datafield>
  <datafield tag="880" ind1="0" ind2="8">
    <subfield code="6">775-07/(3/r</subfield>
    <subfield code="i">دلالة على الطبعة</subfield>
    <subfield code="4">http://rdaregistry.info/Elements/m/P30133 :</subfield>
    <subfield code="t">إملاء ما من به الرحمن من وجوه الإعراب والقراآت في جميع القرآن.</subfield>
    <subfield code="d">مصر : المطبعة الميمنية، 1321 هـ.، [1903؟ م.]</subfield>
    <subfield code="w">b21076017</subfield>
  </datafield>
  <datafield tag="907" ind1=" " ind2=" ">
    <subfield code="a">.b12929918</subfield>
    <subfield code="b">18-09-17</subfield>
    <subfield code="c">11-05-24</subfield>
  </datafield>
  <datafield tag="907" ind1=" " ind2=" ">
    <subfield code="a">.b12929918</subfield>
    <subfield code="b">11-10-11</subfield>
    <subfield code="c">11-05-24</subfield>
  </datafield>
  <datafield tag="945" ind1=" " ind2=" ">
    <subfield code="f">J</subfield>
    <subfield code="a">297.2084:U34ibA:1928:v.1-2:c.1</subfield>
    <subfield code="i">01010753</subfield>
    <subfield code="j">.i13544974</subfield>
    <subfield code="l">u0503</subfield>
  </datafield>
  <datafield tag="998" ind1=" " ind2=" ">
    <subfield code="a">u05</subfield>
    <subfield code="b">99-08-02</subfield>
    <subfield code="c">m</subfield>
    <subfield code="d">a  </subfield>
    <subfield code="e">-</subfield>
    <subfield code="f">ara</subfield>
    <subfield code="g">ua </subfield>
    <subfield code="h">0</subfield>
    <subfield code="i">1</subfield>
  </datafield>
</record>
</collection>
